@inproceedings{cnn,
  title={Bin Laden exploits technology to suit his needs},
  author={Sieberg, Daniel},
  booktitle={CNN.com},
  pages={},
  year={2001},
  publisher={Cable News Network},
  address={New York}
}

@inproceedings{provos,
  title={Detecting Steganographic Content on the Internet},
  author={Provos, Niels and Honeyman, Peter},
  booktitle={CITI Technical Report 01-11},
  pages={},
  year={2001},
  publisher={Center for Technology Integration},
  address={University of Michigan}  
}

@inproceedings{pcworld,
  title={Government Uses Color Laser Printer Technology to Track Documents},
  author={Tuohey, Jason},
  booktitle={PCWorld},
  pages={},
  year={2004},
  publisher={IDG Communications},
  address={Washington}
}

@inproceedings{wikiuser,
  title={Yellow Dots produced by an HP Color LaserJet CP1515n},
  author={Wikipedia user Ianusius},
  booktitle={},
  pages={},
  year={2011},
  publisher={Wikimedia},
  address={}
}

@inproceedings{EFF,
  title={Machine Identification Code von Druckern},
  author={Robert Lee et al.},
  booktitle={eff.org},
  pages={},
  year={2005},
  publisher={Electronic Frontier Foundation},
  address={}
}

@inproceedings{deda,
  title={Yellow dots identify printers: Computer scientists of TU Dresden develop a tool for printer anonymisation},
  author={Strufe, Thorsten},
  booktitle={tu-desden.de},
  pages={},
  year={2018},
  publisher={Technische Universitat Dresden},
  address={}
}

@inproceedings{doc,
  title={U.S. v. Metsos, Murphy, Heathfield, Foley, Zottoli, Mills, Lazaro, and Pelaez},
  author={Cott, James},
  booktitle={Sealed Complaint},
  pages={9-11},
  year={2018},
  publisher={United States Department of Justice},
  address={Southern District of New York, ss.}
}

@inproceedings{dt,
  title={'Russia spy' Anna Chapman's husband: I thought I knew her},
  author={Rayner, Gordon and Bloxham, Andy},
  booktitle={telegraph.co.uk},
  pages={},
  year={2010},
  publisher={Telegraph Media Group Limited},
  address={UK}
}

@inproceedings{net,
  title={Principles and Overview of Network Steganography },
  author={Lubacz, Jozef and Mazurczyk, Wojciech, and Szczypiorski, Kryzysztof},
  booktitle={Institute of Telecommunications, Warsaw University of Technology},
  pages={},
  year={2014},
  publisher={arXiv},
  address={Warsaw, Poland}
}

